%% This BibTeX bibliography file was created using BibDesk.
%% https://bibdesk.sourceforge.io/

%% Created for Jay at 2021-12-17 20:48:40 -0800 


%% Saved with string encoding Unicode (UTF-8) 

@article{lago,
    author={D.J. Alford-Lago and C. W. Curtis and A. T. Ihler and O. Issan},
    title={Deep {L}earning {E}nhanced {D}ynamic {M}ode {D}ecomposition},
    year={2022}}

@article{koopman,
	author = {B.O. Koopman},
	journal = {Proc. Nat. Acad. Sci.},
	pages = {315--318},
	title = {Hamiltonian systems and transformations in {H}ilbert space},
	volume = {17},
	year = 1931}

@article{ghosh,
    author={A. Ghosh and H. Kumar and P. S. Sastry},
    year={2017}, 
    publisher = {arXiv},
    url = {https://arxiv.org/abs/1712.09482},
    title={Robust Loss Functions under Label Noise for Deep Neural Networks}}

@article{zhao,
  author={X. Zhao and X. Han and W. Su and Z. Yan},
  title={Time series prediction method based on Convolutional Autoencoder and LSTM}, 
  year={2019},
  pages={5790-5793}}

@article{hornik,
    author={K. Hornik and M. Stinchcombe and H. White},
    title={Multilayer {F}eedforward {N}etworks are {U}niversal {A}pproximators},
    journal={Neural Networks},
    year={1989}}

@article{brunton1,
	author = {S. L. Brunton and B. W. Brunton and J. L. Proctor and E. Kaiser and J. N. Kutz},
	date-added = {2021-07-28 01:11:19 -0700},
	date-modified = {2021-07-28 01:12:49 -0700},
	journal = {Nature Comm.},
	number = {1},
	title = {Chaos as an intermittently forced system},
	volume = {8},
	year = {2017}}

@article{arbabi1,
	author = {H. Arbabi and I. Mezi\'{c}},
	date-added = {2021-07-28 01:08:33 -0700},
	date-modified = {2021-07-28 01:09:39 -0700},
	journal = {SIAM Journal on Applied Dynamical Systems},
	pages = {2096-2126},
	title = {Ergodic theory, dynamic mode decomposition, and computation of spectral properties of the koopman operator},
	volume = {16},
	year = {2017}}

@article{abarbanel,
	author = {H.D.I. Abarbanel and R. Brown and J.J. Sidorowich and L. Sh. Tsimring},
	journal = {Rev. Mod. Phys.},
	pages = {1331--1392},
	title = {The analysis of observed chaotic data in physical systems},
	volume = {65},
	year = 1993}

@article{bollt1,
	author = {E. Bollt and Q. Li and F. Dietrich and I. Kevrekidis},
	journal = {SIAM J. Appl. Dyn. Sys.},
	pages = {1925--1960},
	title = {On Matching, and Even Rectifying, Dynamical Systems through Koopman Operator Eigenfunctions},
	volume = {17.2},
	year = 2018}

@article{bollt2,
	author = {Q. Li and F. Dietrich and E. Bollt and I. Kevrekidis},
	journal = {Chaos},
	pages = {103111},
	title = {Extended dynamic mode decomposition with dictionary learning: {A} data-driven adaptive spectral decomposition of the {K}oopman operator},
	volume = {27},
	year = 2017}

@article{bramburger2021deep,
	author = {Jason J. Bramburger and Steven L. Brunton and J. Nathan Kutz},
	journal = {arXiv},
	title = {Deep Learning of Conjugate Mappings},
	volume = {2104.01874},
	year = {2021}}

@article{brunton,
	author = {S.L. Brunton and B. R. Noack and P. Koumoutsakos},
	journal = {Ann. Rev. Fluid Mech.},
	pages = {477--508},
	title = {Machine Learning for Fluid Mechanics},
	volume = {52},
	year = 2020}

@article{budisic,
	author = {M. Budisi\'{c} and R. Mohr and I. Mezi\'{c}},
	journal = {Chaos},
	number = {047510},
	title = {Applied Koopmanism},
	volume = {22},
	year = {2012}}

@article{camporeale,
	author = {E. Camporeale},
	journal = {Space Weather},
	pages = {1166--1207},
	title = {The Challenge of Machine Learning in Space Weather: Nowcasting and Forecasting},
	volume = {17},
	year = 2019}

@article{clainche,
	author = {S. Le Clainche and J. M. Vega},
	journal = {Complexity},
	pages = {1--21},
	title = {Analyzing nonlinear dynamics via data-driven dynamic mode decomposition-like methods},
	volume = {2018},
	year = 2018}

@article{chorin,
	author = {A.J. Chorin and O.H. Hald and R. Kupferman},
	journal = {PNAS},
	pages = {2968--2973},
	title = {Optimal prediction and the {M}ori--{Z}wanzig represenation of irreversible processes},
	volume = {97},
	year = 2000}

@article{chorin2,
	author = {A.J. Chorin and O.H. Hald and R. Kupferman},
	journal = {Physica D},
	pages = {239--257},
	title = {Optimal prediction with memory},
	volume = {166},
	year = 2002}

@book{chorin3,
	address = {New York, NY},
	author = {A.J. Chorin and O.H. Hald},
	publisher = {Springer},
	title = {Stochastic Tools in Mathematics and Science},
	year = 2006}

@article{curtis,
	author = {C.W. Curtis and R. Carretero-Gonzalez and M. Polimeno},
	journal = {Phys. Rev. E},
	pages = {062215},
	title = {Characterizing coherent structures in {B}ose-{E}instein condensates through dynamic-mode decomposition},
	volume = {99},
	year = 2019}

@article{curtis2,
	author = {C.W. Curtis and D. J. A. Lago},
	journal = {Phys. Rev. E},
	pages = {012201},
	title = {Dynamic-mode decomposition and optimal prediction},
	volume = {103},
	year = 2021}

@article{degennaro,
	author = {A. M. Degenarro and N. M. Urban},
	journal = {SIAM J. Sci. Comp.},
	pages = {1482--1499},
	title = {Scalable Extended Dynamic-Mode Decomposition using Random Kernel Approximation},
	volume = {41},
	year = 2019}

@inproceedings{gilpin,
	author = {W. Gilpin},
	booktitle = {34th Conference on NeurIPS},
	title = {Deep reconstruction of strange attractors from time series},
	year = 2020}


@book{kutz,
	address = {Philadelphia, PA},
	author = {J.N. Kutz and S.L. Brunton and B.W. Brunton and J.L. Proctor},
	publisher = {SIAM},
	title = {Dynamic Mode Decomposition: Data-driven modeling of complex systems},
	year = 2016}

@article{kutz2,
	author = {S.L. Brunton and J.L. Proctor and J.N. Kutz},
	journal = {PNAS},
	pages = {3932--3937},
	title = {Discovering governing equations from data by sparse identification of nonlinear dynamical systems},
	volume = {113},
	year = 2016}

@article{kutz3,
	author = {J.N. Kutz and J.L. Proctor and S.L. Brunton},
	journal = {Complexity},
	pages = {1--16},
	title = {Applied {K}oopman theory for partial differential equations and data-driven modeling of spatio-temporal systems},
	volume = {2018},
	year = 2018}

@article{lusch,
	author = {B. Lusch and J. N. Kutz and S. L. Brunton},
	journal = {Nature Comm.},
	pages = {4950},
	title = {Deep learning for universal linear embeddings of nonlinear dynamics},
	volume = {9},
	year = 2018}

@article{lusch2,
	author = {K. Champion and B. Lusch and J. N. Kutz and S. L. Brunton},
	date-modified = {2021-12-17 11:44:32 -0800},
	journal = {PNAS},
	pages = {22445--22451},
	title = {Data-driven discovery of coordinates and governing equations},
	volume = {116},
	year = 2019}

@article{mezic1,
	author = {I. Mezi\'{c}},
	journal = {Nonlinear Dyn.},
	pages = {309--325},
	title = {Spectral properties of dynamical systems, model reduction, and decompositions},
	volume = {41},
	year = 2005}

@article{mezic2,
	author = {M. Korda and I. Mezi\'{c}},
	journal = {J. Nonlinear Sci.},
	pages = {687--710},
	title = {On convergence of extended dynamic mode decomposition to the {K}oopman operator},
	volume = {28},
	year = 2018}

@article{mezic3,
	author = {I. Mezi\'{c} and A. Banaszuk},
	journal = {Physica. D},
	pages = {101--33},
	title = {Comparison of Systems with Complex Behavior},
	volume = {197.1},
	year = 2004}

@article{mezic4,
	author = {I. Mezi\'{c}},
	journal = {Journal of Nonlinear Science},
	pages = {2091--145},
	title = {Spectrum of the Koopman Operator, Spectral Expansions in Functional Spaces, and State-Space Geometry},
	volume = {30.5},
	year = 2019}

@article{mezic5,
	author = {M. Budivsi\'{c} and R. Mohr and I. Mezi\'{c}},
	journal = {chaos},
	pages = {047510},
	title = {Applied Koopmanism},
	volume = {22},
	year = 2012}

@article{mori,
	author = {H. Mori},
	journal = {Prog. Theoret. Phys.},
	pages = {423--450},
	title = {Transport, Collective Motion, and {B}rownian motion},
	volume = {33},
	year = 1965}

@article{noack,
	author = {Noack, B R. and Afanasiev, K. and Morzynski, M. and Tadmor, G. and Thiele, F},
	date-added = {2021-04-17 00:45:25 -0700},
	date-modified = {2021-04-17 00:47:23 -0700},
	journal = {Journal of Fluid Mechanics},
	pages = {335--363},
	title = {A Hierarchy of Low-dimensional Models for the Transient and Post-transient Cylinder Wake},
	volume = {497},
	year = {2003}}

@article{rowley,
	author = {H. Zhang and S.T.M. Dawson and C.W. Rowley and E.A. Deem and L.N. Cattafesta},
	journal = {J. Comp. Dynam.},
	pages = {35--56},
	title = {Evaluating the accuracy of the dynamic mode decomposition},
	vol = {7},
	year = 2020}

@article{schmid,
	author = {P. Schmid},
	journal = {J. Fluid Mech.},
	pages = {5--28},
	title = {Dynamic mode decomposition of numerical and experimental data},
	volume = {656},
	year = 2010}

@article{taira,
	author = {K. Taira and S.L. Brunton and S.T.M. Dawson and C.W. Rowley and T. Colonius and B.J. McKeon and O.T. Schmidt and S. Gordeyev and V. Theofilis and L.S. Ukeiley},
	journal = {AIAA},
	pages = {4013--4041},
	title = {Modal Analysis of Fluid Flows: An Overview},
	volume = {55},
	year = 2017}

@book{tan,
	address = {New York, NY},
	author = {P.N. Tan and M. Steinbach and V. Kumar},
	publisher = {Pearson},
	title = {Introduction to Data Mining},
	year = 2018}

@article{Tu1,
	author = {J. TU and C. W. Rowley and D. M. Luchtenburg and S. L. Brunton and J. N. Kutz},
	journal = {J. Comput. Dyn.},
	pages = {391--421},
	title = {On dynamic mode decomposition: theory and applications},
	volume = {2},
	year = 2014}

@article{williams,
	author = {M.O. Williams and I. G. Kevrekidis and C. W. Rowley},
	journal = {J. Nonlin. Sci.},
	pages = {1307--1346},
	title = {A data-driven approximation of the {K}oopman operator: extending dynamic mode decomposition},
	volume = {25},
	year = 2015}

@article{williams2,
	author = {M.O. Williams and C. W. Rowley and I. G. Kevrekidis},
	journal = {J. Comp. Dyn.},
	pages = {247--265},
	title = {A kernel-based method for data driven {K}oopman spectral analysis},
	volume = {2},
	year = 2015}

@article{wilcox,
	author = {P. Benner and S. Gugercin and K. Willcox},
	journal = {SIAM Review},
	pages = {483--531},
	title = {A Survey of Projection-Based Model Reduction Methods for Parametric Dynamical Systems},
	volume = {57},
	year = 2015}

@inproceedings{yeung,
	author = {E. Yeung and S. Kundu and N.O. Hodas},
	booktitle = {American Control Conference},
	title = {Learning deep neural network representations for {K}oopman operators of nonlinear dynamical systems},
	year = 2019}

@book{abraham,
	address = {New York, NY},
	author = {R. Abraham and J.E. Marsden and T. Ratiu},
	edition = {2nd},
	publisher = {Springer},
	title = {Manifolds, Tensor Analysis, and Applications},
	year = 2001}

@book{lasota,
	address = {New York, NY},
	author = {A. Lasota and M. C. Mackey},
	edition = {2nd},
	publisher = {Springer},
	title = {Chaos, Fractals, and Noise},
	year = 1994}

@misc{gonzalez2021antikoopmanism,
	archiveprefix = {arXiv},
	author = {Efrain Gonzalez and Moad Abudia and Michael Jury and Rushikesh Kamalapurkar and Joel A. Rosenfeld},
	eprint = {2106.00106},
	primaryclass = {math.FA},
	title = {Anti-Koopmanism},
	year = {2021}}

@article{Botev,
	author = {Z. I. Botev and J. F. Grotowski and D. P. Kroese},
	title = {{Kernel density estimation via diffusion}},
	volume = {38},
	journal = {The Annals of Statistics},
	number = {5},
	publisher = {Institute of Mathematical Statistics},
	pages = {2916 -- 2957},
	keywords = {Bandwidth selection, Boundary bias, data sharpening, diffusion equation, heat kernel, Langevin process, Nonparametric density estimation, normal reference rules, variable bandwidth},
	year = {2010},
	doi = {10.1214/10-AOS799},
	URL = {https://doi.org/10.1214/10-AOS799}
	}

@article{epanechnikov,
	author = {Epanechnikov, V. A.},
	title = {Non-Parametric Estimation of a Multivariate Probability Density},
	journal = {Theory of Probability \& Its Applications},
	volume = {14},
	number = {1},
	pages = {153-158},
	year = {1969},
	doi = {10.1137/1114019},
	URL = {https://doi.org/10.1137/1114019},
	eprint = {https://doi.org/10.1137/1114019}
	}

@article{shannon,
	author={Shannon, C. E.},
	journal={The Bell System Technical Journal}, 
	title={A mathematical theory of communication},
	year={1948},
	volume={27},
	number={3},
	pages={379-423},
	doi={10.1002/j.1538-7305.1948.tb01338.x}}

@book{hollander,
  title={Nonparametric Statistical Methods},
  author={Hollander, M. and Wolfe, D.A. and Chicken, E.},
  isbn={9780470387375},
  lccn={2013017379},
  series={Wiley Series in Probability and Statistics},
  url={https://books.google.com/books?id=-V7jAQAAQBAJ},
  year={2013},
  publisher={Wiley}
}
